<?xml version="1.0" encoding="UTF-8"?><collection xmlns="http://www.loc.gov/MARC21/slim"><record><leader>00499nam--2200133-i-4500</leader><controlfield tag="001">000009612</controlfield><controlfield tag="002">20161230</controlfield><controlfield tag="005">20161230201028</controlfield><controlfield tag="008">060222s1000------------r-----000-0-eng-d</controlfield><datafield ind1=" " ind2=" " tag="080"><subfield code="a">541.124</subfield></datafield><datafield ind1=" " ind2=" " tag="100"><subfield code="a">Atwood , Merlr Robert</subfield></datafield><datafield ind1=" " ind2=" " tag="245"><subfield code="a">Contribution a l etude des perturbations du spectre de vibration-rotation de quelques mole cules diatomiques polaires sous l action des gaz etrangers comprimes. these</subfield></datafield><datafield ind1=" " ind2=" " tag="260"><subfield code="a">Paris, Faculte Des Sciences De L  Universite De Paris, 1968. 115 P</subfield></datafield><datafield ind1=" " ind2=" " tag="852"><subfield code="a">34403</subfield></datafield></record></collection>